<?xml version="1.0" encoding="UTF-8"?><collection xmlns="http://www.loc.gov/MARC21/slim"><record><leader>00423nam--2200133-i-4500</leader><controlfield tag="001">000021828</controlfield><controlfield tag="002">20161230</controlfield><controlfield tag="005">20161230201034</controlfield><controlfield tag="008">060222s1000------------r-----000-0-eng-d</controlfield><datafield ind1=" " ind2=" " tag="080"><subfield code="a">60(047)</subfield></datafield><datafield ind1=" " ind2=" " tag="100"><subfield code="a">Hicks, Tyler G,</subfield></datafield><datafield ind1=" " ind2=" " tag="245"><subfield code="a">Successful technical writing. technical articles, papers, reports, instruction and training manuals and books</subfield></datafield><datafield ind1=" " ind2=" " tag="260"><subfield code="a">New York, Mcgraw-hill Book Co. Inc., 1959, Xi + 294 P</subfield></datafield><datafield ind1=" " ind2=" " tag="852"><subfield code="a">11555</subfield></datafield></record></collection>